<?xml version="1.0" encoding="UTF-8"?><record xmlns="http://www.loc.gov/MARC21/slim" xmlns:cinclude="http://apache.org/cocoon/include/1.0" xmlns:zs="http://www.loc.gov/zing/srw/">
  <leader>00398nz  a2200133n  4500</leader>
  <controlfield tag="001">no 98101685 </controlfield>
  <controlfield tag="003">DLC</controlfield>
  <controlfield tag="005">19980811052011.7</controlfield>
  <controlfield tag="008">980810n| acannaab|          |n aaa     c</controlfield>
  <datafield tag="010" ind1=" " ind2=" ">
    <subfield code="a">no 98101685 </subfield>
  </datafield>
  <datafield tag="035" ind1=" " ind2=" ">
    <subfield code="a">(OCoLC)oca04790838 </subfield>
  </datafield>
  <datafield tag="040" ind1=" " ind2=" ">
    <subfield code="a">DJBF</subfield>
    <subfield code="c">DJBF</subfield>
  </datafield>
  <datafield tag="100" ind1="1" ind2="0">
    <subfield code="a">Taplin, Bruce</subfield>
  </datafield>
  <datafield tag="670" ind1=" " ind2=" ">
    <subfield code="a">Documentation of the Treasury macroeconomic (TRYM) model of the Australian economy, 1993:</subfield>
    <subfield code="b">t.p. (Bruce Taplin)</subfield>
  </datafield>
</record>